@inproceedings{tai2015improved,
	title={Improved Semantic Representations From Tree-Structured Long Short-Term Memory Networks},
	author={Tai, Kai Sheng and Socher, Richard and Manning, Christopher D},
	booktitle={Proceedings of the 53rd Annual Meeting of the Association for Computational Linguistics and the 7th International Joint Conference on Natural Language Processing (Volume 1: Long Papers)},
	volume={1},
	pages={1556--1566},
	year={2015}
}
@inproceedings{kiros2015skip,
	title={Skip-thought vectors},
	author={Kiros, Ryan and Zhu, Yukun and Salakhutdinov, Ruslan and Zemel, Richard S and Torralba, Antonio and Urtasun, Raquel and Fidler, Sanja},
	booktitle={Proceedings of the 28th International Conference on Neural Information Processing Systems-Volume 2},
	pages={3294--3302},
	year={2015},
	organization={MIT Press}
}
@inproceedings{mikolov2014word2vec,
	title={Distributed representations of words and phrases and their compositionality},
	author={Mikolov, Tomas and Sutskever, Ilya and Chen, Kai and Corrado, Greg and Dean, Jeffrey},
	booktitle={Proceedings of the 26th International Conference on Neural Information Processing Systems-Volume 2},
	pages={3111--3119},
	year={2013},
	organization={Curran Associates Inc.}
}

@inproceedings{cho2014learning,
	title={Learning Phrase Representations using RNN Encoder--Decoder for Statistical Machine Translation},
	author={Cho, Kyunghyun and van Merrienboer, Bart and Gulcehre, Caglar and Bahdanau, Dzmitry and Bougares, Fethi and Schwenk, Holger and Bengio, Yoshua},
	booktitle={Proceedings of the 2014 Conference on Empirical Methods in Natural Language Processing (EMNLP)},
	pages={1724--1734},
	year={2014}
}
@inproceedings{cer2017semeval,
	title={SemEval-2017 Task 1: Semantic Textual Similarity Multilingual and Crosslingual Focused Evaluation},
	author={Cer, Daniel and Diab, Mona and Agirre, Eneko and Lopez-Gazpio, Inigo and Specia, Lucia},
	booktitle={Proceedings of the 11th International Workshop on Semantic Evaluation (SemEval-2017)},
	pages={1--14},
	year={2017}
}
@inproceedings{marelli2014semeval,
	title={Semeval-2014 task 1: Evaluation of compositional distributional semantic models on full sentences through semantic relatedness and textual entailment},
	author={Marelli, Marco and Bentivogli, Luisa and Baroni, Marco and Bernardi, Raffaella and Menini, Stefano and Zamparelli, Roberto},
	booktitle={Proceedings of the 8th international workshop on semantic evaluation (SemEval 2014)},
	pages={1--8},
	year={2014}
}
@inproceedings{zhao2014ecnu,
	title={Ecnu: One stone two birds: Ensemble of heterogenous measures for semantic relatedness and textual entailment},
	author={Zhao, Jiang and Zhu, Tiantian and Lan, Man},
	booktitle={Proceedings of the 8th International Workshop on Semantic Evaluation (SemEval 2014)},
	pages={271--277},
	year={2014}
}
@inproceedings{tian2017ecnu,
	title={ECNU at SemEval-2017 Task 1: Leverage Kernel-based Traditional NLP features and Neural Networks to Build a Universal Model for Multilingual and Cross-lingual Semantic Textual Similarity},
	author={Tian, Junfeng and Zhou, Zhiheng and Lan, Man and Wu, Yuanbin},
	booktitle={Proceedings of the 11th International Workshop on Semantic Evaluation (SemEval-2017)},
	pages={191--197},
	year={2017}
}
@inproceedings{han2013umbc_ebiquity,
	title={UMBC\_EBIQUITY-CORE: semantic textual similarity systems},
	author={Han, Lushan and Kashyap, Abhay L and Finin, Tim and Mayfield, James and Weese, Jonathan},
	booktitle={Second Joint Conference on Lexical and Computational Semantics (* SEM), Volume 1: Proceedings of the Main Conference and the Shared Task: Semantic Textual Similarity},
	volume={1},
	pages={44--52},
	year={2013}
}
@inproceedings{agirre2015semeval,
	title={Semeval-2015 task 2: Semantic textual similarity, english, spanish and pilot on interpretability},
	author={Agirre, Eneko and Banea, Carmen and Cardie, Claire and Cer, Daniel and Diab, Mona and Gonzalez-Agirre, Aitor and Guo, Weiwei and Lopez-Gazpio, Inigo and Maritxalar, Montse and Mihalcea, Rada and others},
	booktitle={Proceedings of the 9th international workshop on semantic evaluation (SemEval 2015)},
	pages={252--263},
	year={2015}
}
@inproceedings{severyn2015learning,
	title={Learning to rank short text pairs with convolutional deep neural networks},
	author={Severyn, Aliaksei and Moschitti, Alessandro},
	booktitle={Proceedings of the 38th International ACM SIGIR Conference on Research and Development in Information Retrieval},
	pages={373--382},
	year={2015},
	organization={ACM}
}

@article{pagliardini2017unsupervised,
	title={Unsupervised Learning of Sentence Embeddings using Compositional n-Gram Features},
	author={Pagliardini, Matteo and Gupta, Prakhar and Jaggi, Martin},
	journal={arXiv preprint arXiv:1703.02507},
	year={2017}
}
@inproceedings{shao2017hcti,
	title={HCTI at SemEval-2017 Task 1: Use convolutional neural network to evaluate semantic textual similarity},
	author={Shao, Yang},
	booktitle={Proceedings of the 11th International Workshop on Semantic Evaluation (SemEval-2017)},
	pages={130--133},
	year={2017}
}
@inproceedings{pennington2014glove,
	title={Glove: Global vectors for word representation},
	author={Pennington, Jeffrey and Socher, Richard and Manning, Christopher},
	booktitle={Proceedings of the 2014 conference on empirical methods in natural language processing (EMNLP)},
	pages={1532--1543},
	year={2014}
}
@inproceedings{conneau2017supervised,
	title={Supervised Learning of Universal Sentence Representations from Natural Language Inference Data},
	author={Conneau, Alexis and Kiela, Douwe and Schwenk, Holger and Barrault, Lo{\"\i}c and Bordes, Antoine},
	booktitle={Proceedings of the 2017 Conference on Empirical Methods in Natural Language Processing},
	pages={670--680},
	year={2017}
}
@inproceedings{hill2016learning,
	title={Learning Distributed Representations of Sentences from Unlabelled Data},
	author={Hill, Felix and Cho, Kyunghyun and Korhonen, Anna},
	booktitle={Proceedings of the 2016 Conference of the North American Chapter of the Association for Computational Linguistics: Human Language Technologies},
	pages={1367--1377},
	year={2016}
}
@inproceedings{bowman2015large,
	title={A large annotated corpus for learning natural language inference},
	author={Bowman, Samuel R and Angeli, Gabor and Potts, Christopher and Manning, Christopher D},
	booktitle={Proceedings of the 2015 Conference on Empirical Methods in Natural Language Processing},
	pages={632--642},
	year={2015}
}
@inproceedings{marelli2014semeval,
	title={Semeval-2014 task 1: Evaluation of compositional distributional semantic models on full sentences through semantic relatedness and textual entailment},
	author={Marelli, Marco and Bentivogli, Luisa and Baroni, Marco and Bernardi, Raffaella and Menini, Stefano and Zamparelli, Roberto},
	booktitle={Proceedings of the 8th international workshop on semantic evaluation (SemEval 2014)},
	pages={1--8},
	year={2014}
}
@article{bengio2003neural,
	title={A neural probabilistic language model},
	author={Bengio, Yoshua and Ducharme, R{\'e}jean and Vincent, Pascal and Jauvin, Christian},
	journal={Journal of machine learning research},
	volume={3},
	number={Feb},
	pages={1137--1155},
	year={2003}
}
@inproceedings{collobert2008unified,
	title={A unified architecture for natural language processing: Deep neural networks with multitask learning},
	author={Collobert, Ronan and Weston, Jason},
	booktitle={Proceedings of the 25th international conference on Machine learning},
	pages={160--167},
	year={2008},
	organization={ACM}
}
@inproceedings{agirre2012semeval,
	title={Semeval-2012 task 6: A pilot on semantic textual similarity},
	author={Agirre, Eneko and Diab, Mona and Cer, Daniel and Gonzalez-Agirre, Aitor},
	booktitle={Proceedings of the First Joint Conference on Lexical and Computational Semantics-Volume 1: Proceedings of the main conference and the shared task, and Volume 2: Proceedings of the Sixth International Workshop on Semantic Evaluation},
	pages={385--393},
	year={2012},
	organization={Association for Computational Linguistics}
}
@inproceedings{agirre2016semeval,
	title={SemEval-2016 Task 1: Semantic Textual Similarity, Monolingual and Cross-Lingual Evaluation.},
	author={Agirre, Eneko and Banea, Carmen and Cer, Daniel M and Diab, Mona T and Gonzalez-Agirre, Aitor and Mihalcea, Rada and Rigau, German and Wiebe, Janyce},
	booktitle={SemEval@ NAACL-HLT},
	pages={497--511},
	year={2016}
}
@article{salton1971smart,
	title={The SMART retrieval systemâ€”experiments in automatic document processing},
	author={Salton, Gerard},
	year={1971},
	publisher={Prentice-Hall, Inc.}
}

@book{jurafsky2014speech,
	title={Speech and language processing},
	author={Jurafsky, Dan and Martin, James H},
	volume={3},
	year={2014},
	publisher={Pearson London}
}
@inproceedings{pennington2014glove,
	title={Glove: Global vectors for word representation},
	author={Pennington, Jeffrey and Socher, Richard and Manning, Christopher},
	booktitle={Proceedings of the 2014 conference on empirical methods in natural language processing (EMNLP)},
	pages={1532--1543},
	year={2014}
}
@article{miller1991contextual,
	title={Contextual correlates of semantic similarity},
	author={Miller, George A and Charles, Walter G},
	journal={Language and cognitive processes},
	volume={6},
	number={1},
	pages={1--28},
	year={1991},
	publisher={Taylor \& Francis}
}

@article{firth1957synopsis,
	title={A synopsis of linguistic theory, 1930-1955},
	author={Firth, John R},
	journal={Studies in linguistic analysis},
	year={1957},
	publisher={Basil Blackwell}
}

@incollection{harris1970distributional,
	title={Distributional structure},
	author={Harris, Zellig S},
	booktitle={Papers in structural and transformational linguistics},
	pages={775--794},
	year={1954},
	publisher={Springer}
}
@inproceedings{pennington2014glove,
	title={Glove: Global vectors for word representation},
	author={Pennington, Jeffrey and Socher, Richard and Manning, Christopher},
	booktitle={Proceedings of the 2014 conference on empirical methods in natural language processing (EMNLP)},
	pages={1532--1543},
	year={2014}
}
@misc{deerwester1989computer,
	title={Computer information retrieval using latent semantic structure},
	author={Deerwester, Scott C and Dumais, Susan T and Furnas, George W and Harshman, Richard A and Landauer, Thomas K and Lochbaum, Karen E and Streeter, Lynn A},
	year={1989},
	month=jun # "~13",
	publisher={Google Patents},
	note={US Patent 4,839,853}
}
@inproceedings{collobert2007fast,
	title={Fast semantic extraction using a novel neural network architecture},
	author={Collobert, Ronan and Weston, Jason},
	booktitle={Proceedings of the 45th Annual Meeting of the Association of Computational Linguistics},
	pages={560--567},
	year={2007}
}
@article{collobert2011natural,
	title={Natural language processing (almost) from scratch},
	author={Collobert, Ronan and Weston, Jason and Bottou, L{\'e}on and Karlen, Michael and Kavukcuoglu, Koray and Kuksa, Pavel},
	journal={Journal of Machine Learning Research},
	volume={12},
	number={Aug},
	pages={2493--2537},
	year={2011}
}
@inproceedings{mikolov2011extensions,
	title={Extensions of recurrent neural network language model},
	author={Mikolov, Tom{\'a}{\v{s}} and Kombrink, Stefan and Burget, Luk{\'a}{\v{s}} and {\v{C}}ernock{\`y}, Jan and Khudanpur, Sanjeev},
	booktitle={Acoustics, Speech and Signal Processing (ICASSP), 2011 IEEE International Conference on},
	pages={5528--5531},
	year={2011},
	organization={IEEE}
}
@inproceedings{luong2015effective,
	title={Effective Approaches to Attention-based Neural Machine Translation},
	author={Luong, Thang and Pham, Hieu and Manning, Christopher D},
	booktitle={Proceedings of the 2015 Conference on Empirical Methods in Natural Language Processing},
	pages={1412--1421},
	year={2015}
}
@inproceedings{socher2011semi,
	title={Semi-supervised recursive autoencoders for predicting sentiment distributions},
	author={Socher, Richard and Pennington, Jeffrey and Huang, Eric H and Ng, Andrew Y and Manning, Christopher D},
	booktitle={Proceedings of the conference on empirical methods in natural language processing},
	pages={151--161},
	year={2011},
	organization={Association for Computational Linguistics}
}
@inproceedings{wen2015semantically,
	title={Semantically Conditioned LSTM-based Natural Language Generation for Spoken Dialogue Systems},
	author={Wen, Tsung-Hsien and Gasic, Milica and Mrk{\v{s}}i{\'c}, Nikola and Su, Pei-Hao and Vandyke, David and Young, Steve},
	booktitle={Proceedings of the 2015 Conference on Empirical Methods in Natural Language Processing},
	pages={1711--1721},
	year={2015}
}

@inproceedings{cho2014learning,
	title={Learning Phrase Representations using RNN Encoder--Decoder for Statistical Machine Translation},
	author={Cho, Kyunghyun and van Merrienboer, Bart and Gulcehre, Caglar and Bahdanau, Dzmitry and Bougares, Fethi and Schwenk, Holger and Bengio, Yoshua},
	booktitle={Proceedings of the 2014 Conference on Empirical Methods in Natural Language Processing (EMNLP)},
	pages={1724--1734},
	year={2014}
}

@article{machado2015variables,
	title={What variables are important in predicting bovine viral diarrhea virus? A random forest approach},
	author={Machado, Gustavo and Mendoza, Mariana Recamonde and Corbellini, Luis Gustavo},
	journal={Veterinary research},
	volume={46},
	number={1},
	pages={85},
	year={2015},
	publisher={BioMed Central}
}

@article{hochreiter1997long,
	title={Long short-term memory},
	author={Hochreiter, Sepp and Schmidhuber, J{\"u}rgen},
	journal={Neural computation},
	volume={9},
	number={8},
	pages={1735--1780},
	year={1997},
	publisher={MIT Press}
}

@article{goldberg2016primer,
	title={A primer on neural network models for natural language processing},
	author={Goldberg, Yoav},
	journal={Journal of Artificial Intelligence Research},
	volume={57},
	pages={345--420},
	year={2016}
}

@inproceedings{bowman2015large,
	title={A large annotated corpus for learning natural language inference},
	author={Bowman, Samuel R and Angeli, Gabor and Potts, Christopher and Manning, Christopher D},
	booktitle={Proceedings of the 2015 Conference on Empirical Methods in Natural Language Processing},
	pages={632--642},
	year={2015}
}
@inproceedings{SeqMod2018Andrew,
	title={Sequence Models Course, deeplearning.ai},
	author={Andrew Ng},
	url = {https://www.coursera.org/learn/nlp-sequence-models/home/welcome},
	year={2018}
}

@inproceedings{pedersen2004wordnet,
	title={WordNet:: Similarity: measuring the relatedness of concepts},
	author={Pedersen, Ted and Patwardhan, Siddharth and Michelizzi, Jason},
	booktitle={Demonstration papers at HLT-NAACL 2004},
	pages={38--41},
	year={2004},
	organization={Association for Computational Linguistics}
}
@article{brown1992practical,
	title={A practical application of simulated annealing to clustering},
	author={Brown, Donald E and Huntley, Christopher L},
	journal={Pattern recognition},
	volume={25},
	number={4},
	pages={401--412},
	year={1992},
	publisher={Elsevier}
}
@article{blei2003latent,
	title={Latent dirichlet allocation},
	author={Blei, David M and Ng, Andrew Y and Jordan, Michael I},
	journal={Journal of machine Learning research},
	volume={3},
	number={Jan},
	pages={993--1022},
	year={2003}
}
@inproceedings{bird2004nltk,
	title={NLTK: the natural language toolkit},
	author={Bird, Steven and Loper, Edward},
	booktitle={Proceedings of the ACL 2004 on Interactive poster and demonstration sessions},
	pages={31},
	year={2004},
	organization={Association for Computational Linguistics}
}
@inproceedings{manning2014stanford,
	title={The Stanford CoreNLP natural language processing toolkit},
	author={Manning, Christopher and Surdeanu, Mihai and Bauer, John and Finkel, Jenny and Bethard, Steven and McClosky, David},
	booktitle={Proceedings of 52nd annual meeting of the association for computational linguistics: system demonstrations},
	pages={55--60},
	year={2014}
}
@inproceedings{zhao2015self,
	title={Self-Adaptive Hierarchical Sentence Model},
	author={Zhao, Han and Lu, Zhengdong and Poupart, Pascal},
	booktitle={Twenty-Fourth International Joint Conference on Artificial Intelligence},
	year={2015}
}
@inproceedings{dzikovska2010intelligent,
	title={Intelligent tutoring with natural language support in the BEETLE II system},
	author={Dzikovska, Myroslava O and Bental, Diana and Moore, Johanna D and Steinhauser, Natalie B and Campbell, Gwendolyn E and Farrow, Elaine and Callaway, Charles B},
	booktitle={Proceedings of the 5th European conference on Technology enhanced learning conference on Sustaining TEL: from innovation to learning and practice},
	pages={620--625},
	year={2010},
	organization={Springer-Verlag}
}
@incollection{dagan2006pascal,
	title={The PASCAL recognising textual entailment challenge},
	author={Dagan, Ido and Glickman, Oren and Magnini, Bernardo},
	booktitle={Machine learning challenges. evaluating predictive uncertainty, visual object classification, and recognising tectual entailment},
	pages={177--190},
	year={2006},
	publisher={Springer}
}

@phdthesis{bowman2016modeling,
	title={MODELING NATURAL LANGUAGE SEMANTICS IN LEARNED REPRESENTATIONS},
	author={Bowman, Samuel Ryan},
	year={2016},
	school={STANFORD UNIVERSITY}
}
@inproceedings{yin2015convolutional,
	title={Convolutional neural network for paraphrase identification},
	author={Yin, Wenpeng and Sch{\"u}tze, Hinrich},
	booktitle={Proceedings of the 2015 Conference of the North American Chapter of the Association for Computational Linguistics: Human Language Technologies},
	pages={901--911},
	year={2015}
}
@inproceedings{johnson2015effective,
	title={Effective Use of Word Order for Text Categorization with Convolutional Neural Networks},
	author={Johnson, Rie and Zhang, Tong},
	booktitle={Proceedings of the 2015 Conference of the North American Chapter of the Association for Computational Linguistics: Human Language Technologies},
	pages={103--112},
	year={2015}
}
@inproceedings{wang2015semantic,
	title={Semantic clustering and convolutional neural network for short text categorization},
	author={Wang, Peng and Xu, Jiaming and Xu, Bo and Liu, Chenglin and Zhang, Heng and Wang, Fangyuan and Hao, Hongwei},
	booktitle={Proceedings of the 53rd Annual Meeting of the Association for Computational Linguistics and the 7th International Joint Conference on Natural Language Processing (Volume 2: Short Papers)},
	volume={2},
	pages={352--357},
	year={2015}
}